<record><leader>00000cas a2200000 a 4500</leader><controlfield tag="001">13684753</controlfield><controlfield tag="008">860604d190019uutxudr ne      0    0eng d</controlfield><datafield ind1=" " ind2=" " tag="010"><subfield code="a">sn 86064227 </subfield></datafield><datafield ind1=" " ind2=" " tag="040"><subfield code="a">KSH</subfield><subfield code="b">eng</subfield><subfield code="c">KSH</subfield><subfield code="d">NPT</subfield><subfield code="d">PPM</subfield><subfield code="d">OCL</subfield><subfield code="d">OCLCQ</subfield></datafield><datafield ind1=" " ind2=" " tag="042"><subfield code="a">msc</subfield></datafield><datafield ind1="0" ind2=" " tag="130"><subfield code="a">Daily index (Mineral Wells, Tex. : 1900)</subfield></datafield><datafield ind1="1" ind2="4" tag="245"><subfield code="a">The daily index.</subfield></datafield><datafield ind1="1" ind2="7" tag="246"><subfield code="a">Mineral Wells daily index</subfield></datafield><datafield ind1=" " ind2=" " tag="260"><subfield code="a">Mineral Wells, Tex. :</subfield><subfield code="b">Index Print. Co.</subfield></datafield><datafield ind1=" " ind2=" " tag="300"><subfield code="a">v. :</subfield><subfield code="b">ill. ;</subfield><subfield code="c">30 cm.</subfield></datafield><datafield ind1=" " ind2=" " tag="310"><subfield code="a">Daily (except Sun.)</subfield></datafield><datafield ind1="1" ind2=" " tag="362"><subfield code="a">Began in 1900.</subfield><subfield code="z">Cf. Ayer, 1925.</subfield></datafield><datafield ind1=" " ind2=" " tag="588"><subfield code="a">Description based on: Souvenir ed. (May 10, 1908).</subfield></datafield><datafield ind1=" " ind2=" " tag="752"><subfield code="a">United States</subfield><subfield code="b">Texas</subfield><subfield code="c">Palo Pinto</subfield><subfield code="d">Mineral Wells.</subfield></datafield><datafield ind1="0" ind2=" " tag="775"><subfield code="t">Weekly index (Mineral Wells, Tex.)</subfield><subfield code="w">(DLC)sn 86064228</subfield></datafield><datafield ind1="0" ind2="0" tag="785"><subfield code="t">Mineral Wells index</subfield><subfield code="w">(OCoLC)14442766</subfield></datafield><datafield ind1="1" ind2=" " tag="029"><subfield code="a">AU@</subfield><subfield code="b">000022170162</subfield></datafield></record>